<record><leader>00000cas a22000007a 4500</leader><controlfield tag="001">17499800</controlfield><controlfield tag="008">880218d19761983lauwr ne      0    0eng d</controlfield><datafield ind1=" " ind2=" " tag="010"><subfield code="a">sn 88064135 </subfield></datafield><datafield ind1=" " ind2=" " tag="040"><subfield code="a">LNP</subfield><subfield code="b">eng</subfield><subfield code="c">LNP</subfield><subfield code="d">OCL</subfield><subfield code="d">OCLCQ</subfield></datafield><datafield ind1=" " ind2=" " tag="042"><subfield code="a">msc</subfield></datafield><datafield ind1="0" ind2="0" tag="245"><subfield code="a">River parishes guide and West St. Charles guide.</subfield></datafield><datafield ind1="3" ind2="0" tag="246"><subfield code="a">River parishes guide</subfield></datafield><datafield ind1="3" ind2="0" tag="246"><subfield code="a">River parishes guide St. Charles guide</subfield></datafield><datafield ind1="3" ind2="0" tag="246"><subfield code="a">River parishes guide West St. Charles guide</subfield></datafield><datafield ind1=" " ind2=" " tag="260"><subfield code="a">Boutte, La. :</subfield><subfield code="b">Allen J. Lottinger</subfield></datafield><datafield ind1=" " ind2=" " tag="310"><subfield code="a">Weekly</subfield></datafield><datafield ind1="0" ind2=" " tag="362"><subfield code="a">Vol. 7, no. 48 (July 7, 1976)-v. 14, no. 43 (June 15, 1983).</subfield></datafield><datafield ind1=" " ind2=" " tag="500"><subfield code="a">" ... circulation in all three of the river parishes-St. Charles, St. John and St. James ..."</subfield></datafield><datafield ind1=" " ind2=" " tag="500"><subfield code="a">Title varies slightly: River parishes guide St. Charles guide, May 27, 1981-June 10, 1981; River parishes guide West St. Charles guide, June 24, 1981-June 15, 1983.</subfield></datafield><datafield ind1=" " ind2=" " tag="752"><subfield code="a">United States</subfield><subfield code="b">Louisiana</subfield><subfield code="c">Saint Charles</subfield><subfield code="d">Boutte.</subfield></datafield><datafield ind1=" " ind2=" " tag="752"><subfield code="a">United States</subfield><subfield code="b">Louisiana</subfield><subfield code="c">Saint John the Baptist.</subfield></datafield><datafield ind1=" " ind2=" " tag="752"><subfield code="a">United States</subfield><subfield code="b">Louisiana</subfield><subfield code="c">Saint James.</subfield></datafield><datafield ind1="0" ind2="0" tag="780"><subfield code="t">West St. Charles guide</subfield><subfield code="w">(DLC)sn 88064134</subfield></datafield><datafield ind1="0" ind2="0" tag="785"><subfield code="t">River parishes guide</subfield><subfield code="w">(DLC)sn 84009659</subfield></datafield></record>